@misc{auer2020quantitative,
	title="{Quantitative Scenarios for Low Carbon Futures of the Pan-European Energy System}",
	author="Auer, Hans and del Granado, Pedro Crespo and Huppmann, Daniel and Oei, Pao-Yu and Hainsch, Karlo and L{\"o}ffler, Konstantin and Burandt, Thorsten",
	year="2020",
	howpublished = "Deliverable D3.1, openENTRANCE, \url{https://openentrance.eu/}",
}


@article{auer2020development,
	title="Development and modelling of different decarbonization scenarios of the {E}uropean energy system until 2050 as a contribution to achieving the ambitious 1.5Â°{C} climate target - establishment of open source/data modelling in the {E}uropean {H}2020 project open{ENTRANCE}",
	author="Auer, Hans and del Granado, Pedro Crespo and Oei, Pao-Yu and Hainsch, Karlo and L{\"o}ffler, Konstantin and Burandt, Thorsten and Huppmann, Daniel and Grabaak, Ingeborg",
	journal="e{\&}i {E}lektrotechnik und {I}nformationstechnik",
	pages="1--13.~",
	year="2020",
	publisher="Springer",
	doi="https://doi.org/10.1007/s00502-020-00832-7"
}

@techreport{burandt2018genesys,
	title="GENeSYS-MOD v2. 0-Enhancing the Global Energy System Model: Model improvements, framework changes, and European data set",
	author="Burandt, Thorsten and L{\"o}ffler, Konstantin and Hainsch, Karlo",
	year="2018",
	institution="DIW Data Documentation"
}