@article{karl2003modern,
  title="Modern global climate change",
  author="Karl, Thomas R and Trenberth, Kevin E",
  journal="Science",
  volume="302",
  number="5651",
  pages="1719--1723",
  year="2003",
  publisher="American Association for the Advancement of Science",
  doi="https://doi.org/10.1126/science.1090228"
}

@article{griscom2017natural,
	title="Natural climate solutions",
	author="Griscom, Bronson W and Adams, Justin and Ellis, Peter W and Houghton, Richard A and Lomax, Guy and Miteva, Daniela A and Schlesinger, William H and Shoch, David and Siikam{\"a}ki, Juha V and Smith, Pete and others",
	journal="Proceedings of the National Academy of Sciences",
	volume="114",
	number="44",
	pages="11645--11650",
	year="2017",
	publisher="National Acad Sciences",
	doi="https://doi.org/10.1073/pnas.1710465114"
}

@article{hansen2016assessing,
	title="Assessing the observed impact of anthropogenic climate change",
	author="Hansen, Gerrit and Stone, Daithi",
	journal="Nature Climate Change",
	volume="6",
	number="5",
	pages="532--537",
	year="2016",
	publisher="Nature Publishing Group",
	doi="https://doi.org/10.1038/nclimate2896"
}

@article{rockstrom2017roadmap,
	title="A roadmap for rapid decarbonization",
	author="Rockstr{\"o}m, Johan and Gaffney, Owen and Rogelj, Joeri and Meinshausen, Malte and Nakicenovic, Nebojsa and Schellnhuber, Hans Joachim",
	journal="Science",
	volume="355",
	number="6331",
	pages="1269--1271",
	year="2017",
	publisher="American Association for the Advancement of Science",
	doi="https://doi.org/10.1126/science.aah3443"
}

@article{leibowicz2018optimal,
	title="Optimal decarbonization pathways for urban residential building energy services",
	author="Leibowicz, Benjamin D and Lanham, Christopher M and Brozynski, Max T and V{\'a}zquez-Canteli, Jos{\'e} R and Castej{\'o}n, Nicol{\'a}s Castillo and Nagy, Zoltan",
	journal="Applied Energy",
	volume="230",
	pages="1311--1325",
	year="2018",
	publisher="Elsevier",
	doi="https://doi.org/10.1016/j.apenergy.2018.09.046"
}

@article{pan2018decarbonization,
	title="Decarbonization of China's transportation sector: in light of national mitigation toward the Paris Agreement goals",
	author="Pan, Xunzhang and Wang, Hailin and Wang, Lining and Chen, Wenying",
	journal="Energy",
	volume="155",
	pages="853--864",
	year="2018",
	publisher="Elsevier",
	doi="https://doi.org/10.1016/j.energy.2018.04.144"
}

@article{habert2020environmental,
	title="Environmental impacts and decarbonization strategies in the cement and concrete industries",
	author="Habert, G and Miller, SA and John, VM and Provis, JL and Favier, A and Horvath, A and Scrivener, KL",
	journal="Nature Reviews Earth \& Environment",
	volume="1",
	number="11",
	pages="559--573",
	year="2020",
	publisher="Nature Publishing Group",
	doi="https://doi.org/10.1038/s43017-020-0093-3"	
}

@article{papadis2020challenges,
	title="Challenges in the decarbonization of the energy sector",
	author="Papadis, Elisa and Tsatsaronis, George",
	journal="Energy",
	volume="205",
	pages="118025",
	year="2020",
	publisher="Elsevier",
	doi="https://doi.org/10.1016/j.energy.2020.118025"
}

@article{bakhtavar2020assessment,
	title="Assessment of renewable energy-based strategies for net-zero energy communities: A planning model using multi-objective goal programming",
	author="Bakhtavar, Ezzeddin and Prabatha, Tharindu and Karunathilake, Hirushie and Sadiq, Rehan and Hewage, Kasun",
	journal="Journal of Cleaner Production",
	volume="272",
	pages="122886",
	year="2020",
	publisher="Elsevier",
	doi="https://doi.org/10.1016/j.jclepro.2020.122886"
}

@article{oshiro2021enabling,
	title="Enabling energy system transition toward decarbonization in Japan through energy service demand reduction",
	author="Oshiro, Ken and Fujimori, Shinichiro and Ochi, Yuki and Ehara, Tomoki",
	journal="Energy",
	volume="227",
	pages="120464",
	year="2021",
	publisher="Elsevier",
	doi="https://doi.org/10.1016/j.energy.2021.120464"
}

@article{van2020hydrogen,
	title="The hydrogen solution?",
	author="van Renssen, Sonja",
	journal="Nature Climate Change",
	volume="10",
	number="9",
	pages="799--801",
	year="2020",
	publisher="Nature Publishing Group",
	doi="https://doi.org/10.1038/s41558-020-0891-0"
}

@article{van2007potential,
	title="The potential role of hydrogen in energy systems with and without climate policy",
	author="Van Ruijven, Bas and Van Vuuren, Detlef P and De Vries, Bert",
	journal="International Journal of Hydrogen Energy",
	volume="322",
	number="12",
	pages="1655--1672",
	year="2007",
	publisher="Elsevier",
	doi="https://doi.org/10.1016/j.ijhydene.2006.08.036"
}

@article{krey2019looking,
	title="Looking under the hood: A comparison of techno-economic assumptions across national and global integrated assessment models",
	author="Krey, Volker and Guo, Fei and Kolp, Peter and Zhou, Wenji and Schaeffer, Roberto and Awasthy, Aayushi and Bertram, Christoph and de Boer, Harmen-Sytze and Fragkos, Panagiotis and Fujimori, Shinichiro and others",
	journal="Energy",
	volume="172",
	pages="1254--1267",
	year="2019",
	publisher="Elsevier",
	doi="https://doi.org/10.1016/j.energy.2018.12.131"
}

@article{dowlatabadi1995integrated,
	title="Integrated assessment models of climate change: An incomplete overview",
	author="Dowlatabadi, Hadi",
	journal="Energy Policy",
	volume="23",
	number="4-5",
	pages="289--296",
	year="1995",
	publisher="Elsevier",
	doi="https://doi.org/10.1016/0301-4215(95)90155-Z"
}

@article{van2016carbon,
	title="Carbon budgets and energy transition pathways",
	author="Van Vuuren, Detlef P and Van Soest, Heleen and Riahi, Keywan and Clarke, Leon and Krey, Volker and Kriegler, Elmar and Rogelj, Joeri and Schaeffer, Michiel and Tavoni, Massimo",
	journal="Environmental Research Letters",
	volume="11",
	number="7",
	pages="075002",
	year="2016",
	publisher="IOP Publishing",
	doi="https://doi.org/10.1088/1748-9326/11/7/075002"
}

@article{wilkerson2015comparison,
	title="{Comparison of integrated assessment models: carbon price impacts on US energy}",
	author="Wilkerson, Jordan T and Leibowicz, Benjamin D and Turner, Delavane D and Weyant, John P",
	journal="Energy Policy",
	volume="76",
	pages="18--31",
	year="2015",
	publisher="Elsevier",
	doi="https://doi.org/10.1016/j.enpol.2014.10.011"
}

@article{huppmann2019messageix,
	title="{The MESSAGEix Integrated Assessment Model and the ix modeling platform (ixmp): An open framework for integrated and cross-cutting analysis of energy, climate, the environment, and sustainable development}",
	author="Huppmann, Daniel and Gidden, Matthew and Fricko, Oliver and Kolp, Peter and Orthofer, Clara and Pimmer, Michael and Kushin, Nikolay and Vinca, Adriano and Mastrucci, Alessio and Riahi, Keywan and others",
	journal="Environmental Modelling \& Software",
	volume="112",
	pages="143--156",
	year="2019",
	publisher="Elsevier",
	doi="https://doi.org/10.1016/j.envsoft.2018.11.012"
}

@article{schwanitz2013evaluating,
	title="Evaluating integrated assessment models of global climate change",
	author="Schwanitz, Valeria Jana",
	journal="Environmental Modelling \& Software",
	volume="50",
	pages="120--131",
	year="2013",
	publisher="Elsevier",
	doi="https://doi.org/10.1016/j.envsoft.2013.09.005"
}

@article{gambhir2019review,
	title="{A review of criticisms of integrated assessment models and proposed approaches to address these, through the lens of BECCS}",
	author="Gambhir, Ajay and Butnar, Isabela and Li, Pei-Hao and Smith, Pete and Strachan, Neil",
	journal="Energies",
	volume="12",
	number="9",
	pages="1747",
	year="2019",
	publisher="Multidisciplinary Digital Publishing Institute",
	doi="https://doi.org/10.3390/en12091747"
}

@article{ringkjob2018review,
	title="A review of modelling tools for energy and electricity systems with large shares of variable renewables",
	author="Ringkj{\o}b, Hans-Kristian and Haugan, Peter M and Solbrekke, Ida Marie",
	journal="Renewable and Sustainable Energy Reviews",
	volume="96",
	pages="440--459",
	year="2018",
	publisher="Elsevier",
	doi="https://doi.org/10.1016/j.rser.2018.08.002"
}

@article{capros2012model,
	title="{Model-based analysis of decarbonising the EU economy in the time horizon to 2050}",
	author="Capros, Pantelis and Tasios, Nikolaos and De Vita, Alessia and Mantzos, Leonidas and Paroussos, Leonidas",
	journal="Energy Strategy Reviews",
	volume="1",
	number="2",
	pages="76--84",
	year="2012",
	publisher="Elsevier",
	doi="https://doi.org/10.1016/j.esr.2012.06.003"
}

@article{loffler2017designing,
	title="{Designing a model for the global energy systemâ€”GENeSYS-MOD: an application of the open-source energy modeling system (OSeMOSYS)}",
	author="L{\"o}ffler, Konstantin and Hainsch, Karlo and Burandt, Thorsten and Oei, Pao-Yu and Kemfert, Claudia and Von Hirschhausen, Christian",
	journal="Energies",
	volume="10",
	number="10",
	pages="1468",
	year="2017",
	publisher="Multidisciplinary Digital Publishing Institute",
	doi="https://doi.org/10.3390/en10101468"
}

@article{backe2021heat,
	title="{Heat and electric vehicle flexibility in the European power system: A case study of Norwegian energy communities}",
	author="Backe, Stian and Korp{\aa}s, Magnus and Tomasgard, Asgeir",
	journal="International Journal of Electrical Power \& Energy Systems",
	volume="125",
	pages="106479",
	year="2021",
	publisher="Elsevier",
	doi="https://doi.org/10.1016/j.ijepes.2020.106479"
}

@article{van2010downscaling,
	title="Downscaling socioeconomic and emissions scenarios for global environmental change research: a review",
	author="van Vuuren, Detlef P and Smith, Steve J and Riahi, Keywan",
	journal="Wiley Interdisciplinary Reviews: Climate Change",
	volume="1",
	number="3",
	pages="393--404",
	year="2010",
	publisher="Wiley Online Library",
	doi="https://doi.org/10.1002/wcc.50"
}

@article{van2007downscaling,
	title="Downscaling drivers of global environmental change: Enabling use of global SRES scenarios at the national and grid levels",
	author="van Vuuren, Detlef P and Lucas, Paul L and Hilderink, Henk",
	journal="Global environmental change",
	volume="17",
	number="1",
	pages="114--130",
	year="2007",
	publisher="Elsevier",
	doi="https://doi.org/10.1016/j.gloenvcha.2006.04.004"
}

@incollection{church2016energy,
	title="Energy sources for district heating and cooling",
	author="Church, K",
	booktitle="Advanced District Heating and Cooling (DHC) Systems",
	pages="121--143",
	year="2016",
	publisher="Elsevier",
	doi="https://doi.org/10.1016/B978-1-78242-374-4.00006-9"
}

@article{rezaei2021biomass,
	title="Biomass-fuelled combined heat and power: integration in district heating and thermal-energy storage",
	author="Rezaei, Masoud and Sameti, Mohammad and Nasiri, Fuzhan",
	journal="Clean Energy",
	volume="5",
	number="1",
	pages="44--56",
	year="2021",
	publisher="Oxford University Press UK",
	doi="https://doi.org/10.1093/ce/zkaa031"
}

@article{gonzalez2020evaluation,
	title="Evaluation of Energy Transition Pathways to Phase out Coal for District Heating in Berlin",
	author="Gonzalez-Salazar, Miguel and Langrock, Thomas and Koch, Christoph and Spie{\ss}, Jana and Noack, Alexander and Witt, Markus and Ritzau, Michael and Michels, Armin",
	journal="Energies",
	volume="13",
	number="23",
	pages="6394",
	year="2020",
	publisher="Multidisciplinary Digital Publishing Institute",
	doi="https://doi.org/10.3390/en13236394"
}

@article{kyriakis2016towards,
	title="Towards the increased utilisation of geothermal energy in a district heating network through the use of a heat storage",
	author="Kyriakis, Sotirios A and Younger, Paul L",
	journal="Applied Thermal Engineering",
	volume="94",
	pages="99--110",
	year="2016",
	publisher="Elsevier",
	doi="https://doi.org/10.1016/j.applthermaleng.2015.10.094"
}

@article{weinand2019developing,
	title="Developing a combinatorial optimisation approach to design district heating networks based on deep geothermal energy",
	author="Weinand, Jann Michael and Kleinebrahm, Max and McKenna, Russell and Mainzer, Kai and Fichtner, Wolf",
	journal="Applied Energy",
	volume="251",
	pages="113367",
	year="2019",
	publisher="Elsevier",
	doi="https://doi.org/10.1016/j.apenergy.2019.113367"
}

@incollection{fischer2006sequential,
	title="Sequential downscaling methods for estimation from aggregate data",
	author="Fischer, Guenther and Ermolieva, Tatiana and Ermoliev, Y and Van Velthuizen, H",
	booktitle="Coping with Uncertainty",
	pages="155--169",
	year="2006",
	publisher="Springer",
	doi="https://doi.org/10.1007/3-540-35262-7_9"
}

@article{el2018model,
	title="What model resolution is required in climatological downscaling over complex terrain?",
	author="El-Samra, Renalda and Bou-Zeid, Elie and El-Fadel, Mutasem",
	journal="Atmospheric Research",
	volume="203",
	pages="68--82",
	year="2018",
	publisher="Elsevier",
	doi="https://doi.org/10.1016/j.atmosres.2017.11.030"
}

@article{lossau2015brazil,
	title="Brazil's current and future land balances: Is there residual land for bioenergy production?",
	author="Lossau, Selma and Fischer, G{\"u}nther and Tramberend, Sylvia and van Velthuizen, Harrij and Kleinschmit, Birgit and Schom{\"a}cker, Reinhard",
	journal="Biomass and Bioenergy",
	volume="81",
	pages="452--461",
	year="2015",
	publisher="Elsevier",
	doi="https://doi.org/10.1016/j.biombioe.2015.07.024"
}

@article{hiltunen2020highly,
	title="Highly renewable district heat for Espoo utilizing waste heat sources",
	author="Hiltunen, Pauli and Syri, Sanna",
	journal="Energies",
	volume="13",
	number="14",
	pages="3551",
	year="2020",
	publisher="Multidisciplinary Digital Publishing Institute",
	doi="https://doi.org/10.3390/en13143551"
}

@article{huppmann2021pyam,
	title="pyam: Analysis and visualisation of integrated assessment and macro-energy scenarios",
	author="Huppmann, Daniel and Gidden, M and Nicholls, Zebedee and H{\"o}rsch, Jonas and Lamboll, Robin and Kishimoto, P and Burandt, Thorsten and Fricko, Oliver and Byers, Edward and Kikstra, Jarmo and others",
	journal="Open Research Europe",
	volume="1",
	pages="e74",
	year="2021",
	doi="https://doi.org/10.12688/openreseurope.13633.1"
}

@article{gidden2019pyam,
	title="pyam: a Python Package for the Analysis and Visualization of Models of the Interaction of Climate, Human, and Environmental Systems",
	author="Gidden, Matthew J and Huppmann, Daniel",
	journal="Journal of Open Source Software",
	volume="4",
	number="33",
	pages="1095",
	year="2019",
	doi="https://doi.org/10.21105/joss.01095"
}

@article{auer2020development,
	title="{Development and modelling of different decarbonization scenarios of the European energy system until 2050 as a contribution to achieving the ambitious 1.5Â°C climate target--establishment of open source/data modelling in the European H2020 project openENTRANCE}",
	author="Auer, Hans and del Granado, Pedro Crespo and Oei, Pao-Yu and Hainsch, Karlo and L{\"o}ffler, Konstantin and Burandt, Thorsten and Huppmann, Daniel and Grabaak, Ingeborg",
	journal="{e \& i Elektrotechnik und Informationstechnik}",
	pages="1--13.~",
	year="2020",
	publisher="Springer",
	doi="https://doi.org/10.1007/s00502-020-00832-7"
}

@misc{auer2020quantitative,
	title="{Quantitative Scenarios for Low Carbon Futures of the Pan-European Energy System}",
	author="Auer, Hans and del Granado, Pedro Crespo and Huppmann, Daniel and Oei, Pao-Yu and Hainsch, Karlo and L{\"o}ffler, Konstantin and Burandt, Thorsten",
	year="2020",
	howpublished = "Deliverable D3.1, openENTRANCE, \url{https://openentrance.eu/}",
}

@techreport{burandt2018genesys,
	title="{GENeSYS-MOD v2.0 - Enhancing the Global Energy System Model: Model improvements, framework changes, and European data set}",
	author="Burandt, Thorsten and L{\"o}ffler, Konstantin and Hainsch, Karlo",
	year="2018",
	institution="DIW Data Documentation"
}

@article{austria2017statistik,
	title="{Statistik Austria}",
	author="{Austria, Statistik}",
	journal="{Energiebilanz 2017 und Nutzenergieanalyse fÃ¼r Ã–sterreich 2017}",
	year="2017"
}

@misc{agreement2015paris,
	author="{United Nations Framework Convention on Climate Change (UNFCCC)}",
	title="{Conference of the Parties Twenty-first session: Adoption of the Paris Agreement}",
	year="2015",
	note = "{retrieved on 19.09.2021, \url{https://unfccc.int/resource/docs/2015/cop21/eng/l09r01.pdf}}"
}

@book{book,
	author = "{IPCC, and Masson-Delmotte, Valerie and Zhai, P. and P{\o}rtner, Hans-Otto and Roberts, Debra and Skea, Jim and Shukla, P. and Pirani, Anna and Moufouma-Okia, Wilfran and P\'{e}an, C. and Pidcock, R. and Connors, Sarah and Matthews, Robin and Chen, Y. and Zhou, X. and Gomis, Melissa and Lonnoy, E. and Maycock, T. and Tignor, M. and Tabatabaei, MuhammadReza}",
	year = "2018",
	month = "12",
	title = "{Global warming of 1.5Â°C. An IPCC Special Report on the impacts of global warming of 1.5Â°C above pre-industrial levels and related global greenhouse gas emission pathways, in the context of strengthening the global response to the threat of climate change, sustainable development, and efforts to eradicate poverty}"
}

@article{grubler2018low,
	title="A low energy demand scenario for meeting the 1.5 C target and sustainable development goals without negative emission technologies",
	author="Grubler, Arnulf and Wilson, Charlie and Bento, Nuno and Boza-Kiss, Benigna and Krey, Volker and McCollum, David L and Rao, Narasimha D and Riahi, Keywan and Rogelj, Joeri and De Stercke, Simon and others",
	journal="Nature energy",
	volume="3",
	number="6",
	pages="515--527",
	year="2018",
	publisher="Nature Publishing Group",
	doi="https://doi.org/10.1038/s41560-018-0172-6"
}

@article{gaffin2004downscaling,
	title="{Downscaling and geo-spatial gridding of socio-economic projections from the IPCC Special Report on Emissions Scenarios (SRES)}",
	author="Gaffin, Stuart R and Rosenzweig, Cynthia and Xing, Xiaoshi and Yetman, Greg",
	journal="Global Environmental Change",
	volume="14",
	number="2",
	pages="105--123",
	year="2004",
	publisher="Elsevier",
	doi="https://doi.org/10.1016/j.gloenvcha.2004.02.004"
}

@article{moreno2016spatial,
	title="Spatial downscaling of European climate data",
	author="Moreno, Adam and Hasenauer, Hubert",
	journal="International Journal of Climatology",
	volume="36",
	number="3",
	pages="1444--1458",
	year="2016",
	publisher="Wiley Online Library",
	doi="https://doi.org/10.1002/joc.4436"
}

@article{michel2021climate,
	title="Climate change scenarios at hourly time-step over Switzerland from an enhanced temporal downscaling approach",
	author="Michel, Adrien and Sharma, Varun and Lehning, Michael and Huwald, Hendrik",
	journal="International Journal of Climatology",
	volume="41",
	number="6",
	pages="3503--3522",
	year="2021",
	publisher="Wiley Online Library",
	doi="https://doi.org/10.1002/joc.7032"
}

@article{sferra2019towards,
	title="{Towards optimal 1.5Â° and 2Â° C emission pathways for individual countries: A Finland case study}",
	author="Sferra, Fabio and Krapp, Mario and Roming, Niklas and Schaeffer, Michiel and Malik, Aman and Hare, Bill and Brecha, Robert",
	journal="Energy Policy",
	volume="133",
	pages="110705",
	year="2019",
	publisher="Elsevier",
	doi="https://doi.org/10.1016/j.enpol.2019.04.020"
}

@article{gidden2019global,
	title="Global emissions pathways under different socioeconomic scenarios for use in CMIP6: a dataset of harmonized emissions trajectories through the end of the century",
	author="Gidden, Matthew J and Riahi, Keywan and Smith, Steven J and Fujimori, Shinichiro and Luderer, Gunnar and Kriegler, Elmar and Vuuren, Detlef P van and Berg, Maarten van den and Feng, Leyang and Klein, David and others",
	journal="Geoscientific model development",
	volume="12",
	number="4",
	pages="1443--1475",
	year="2019",
	publisher="Copernicus GmbH",
	doi="https://doi.org/10.5194/gmd-12-1443-2019"
}

@article{gidden2018methodology,
	title="A methodology and implementation of automated emissions harmonization for use in Integrated Assessment Models",
	author="Gidden, Matthew J and Fujimori, Shinichiro and van den Berg, Maarten and Klein, David and Smith, Steven J and van Vuuren, Detlef P and Riahi, Keywan",
	journal="Environmental Modelling \& Software",
	volume="105",
	pages="187--200",
	year="2018",
	publisher="Elsevier",
	doi="https://doi.org/10.1016/j.envsoft.2018.04.002"
}

@article{van2006downscaling,
	title="Downscaling drivers of global environmental change",
	author="Van Vuuren, DP and Lucas, PL and Hilderink, HBM and van Vuuren, Detlef P",
	journal="Enabling use of global SRES scenarios at the national and grid levels. MNP Report",
	volume="550025001",
	pages="2006",
	year="2006",
}

@article{harmsen2021integrated,
	title="Integrated assessment model diagnostics: key indicators and model evolution",
	author="Harmsen, Mathijs and Kriegler, Elmar and van Vuuren, Detlef P and van der Wijst, Kaj-Ivar and Luderer, Gunnar and Cui, Ryna and Dessens, Olivier and Drouet, Laurent and Emmerling, Johannes and Morris, Jennifer Faye and others",
	journal="Environmental Research Letters",
	volume="16",
	number="5",
	pages="054046",
	year="2021",
	publisher="IOP Publishing",
	doi="https://doi.org/10.1088/1748-9326/abf964"
}

@article{vallios2009design,
	title="Design of biomass district heating systems",
	author="Vallios, Ioannis and Tsoutsos, Theocharis and Papadakis, George",
	journal="Biomass and bioenergy",
	volume="33",
	number="4",
	pages="659--678",
	year="2009",
	publisher="Elsevier",
	doi="https://doi.org/10.1016/j.biombioe.2008.10.009"
}

@article{ericsson2016introduction,
	title="The introduction and expansion of biomass use in Swedish district heating systems",
	author="Ericsson, Karin and Werner, Sven",
	journal="Biomass and bioenergy",
	volume="94",
	pages="57--65",
	year="2016",
	publisher="Elsevier",
	doi="https://doi.org/10.1016/j.biombioe.2016.08.011"
}

@article{fruergaard2010energy,
	title="Energy recovery from waste incineration: Assessing the importance of district heating networks",
	author="Fruergaard, Thilde and Christensen, Thomas H{\o}jlund and Astrup, Thomas",
	journal="Waste Management",
	volume="30",
	number="7",
	pages="1264--1272",
	year="2010",
	publisher="Elsevier",
	doi="https://doi.org/10.1016/j.wasman.2010.03.026"
}

@article{jensen2020potential,
	title="Potential role of renewable gas in the transition of electricity and district heating systems",
	author="Jensen, Ida Gr{\ae}sted and Wiese, Frauke and Bramstoft, Rasmus and M{\"u}nster, Marie",
	journal="Energy Strategy Reviews",
	volume="27",
	pages="100446",
	year="2020",
	publisher="Elsevier",
	doi="https://doi.org/10.1016/j.esr.2019.100446"
}

@article{dodds2015hydrogen,
	title="{Hydrogen and fuel cell technologies for heating: A review}",
	author="Dodds, Paul E and Staffell, Iain and Hawkes, Adam D and Li, Francis and Gr{\"u}newald, Philipp and McDowall, Will and Ekins, Paul",
	journal="International Journal of Hydrogen Energy",
	volume="40",
	number="5",
	pages="2065--2083",
	year="2015",
	publisher="Elsevier",
	doi="https://doi.org/10.1016/j.ijhydene.2014.11.059"
}


@article{unternahrer2017spatial,
	title="Spatial clustering for district heating integration in urban energy systems: Application to geothermal energy",
	author="Untern{\"a}hrer, J{\'e}r{\'e}my and Moret, Stefano and Joost, St{\'e}phane and Mar{\'e}chal, Fran{\c{c}}ois",
	journal="Applied Energy",
	volume="190",
	pages="749--763",
	year="2017",
	publisher="Elsevier",
	doi="https://doi.org/10.1016/j.apenergy.2016.12.136"
}

@article{abuelnasr2018examining,
	title="Examining the influence of micro-grids topologies on optimal energy management systems decisions using genetic algorithm",
	author="Abuelnasr, Marwa and El-Khattam, Walid and Helal, Ibrahim",
	journal="Ain Shams Engineering Journal",
	volume="9",
	number="4",
	pages="2807--2814",
	year="2018",
	publisher="Elsevier",
	doi="https://doi.org/10.1016/j.asej.2017.09.002"
}

@inproceedings{shekoofa2013design,
	title="Design criteria for electrical power subsystem's topology selection",
	author="Shekoofa, Omid and Karbasian, Shahab",
	booktitle="2013 6th International Conference on Recent Advances in Space Technologies (RAST)",
	pages="559--564",
	year="2013",
	organization="IEEE",
	doi="https://doi.org/10.1109/RAST.2013.6581274"
}

@article{allen2020evaluation,
	title="Evaluation of low-exergy heating and cooling systems and topology optimization for deep energy savings at the urban district level",
	author="Allen, Amy and Henze, Gregor and Baker, Kyri and Pavlak, Gregory",
	journal="Energy Conversion and Management",
	volume="222",
	pages="113106",
	year="2020",
	publisher="Elsevier",
	doi="https://doi.org/10.1016/j.enconman.2020.113106"
}

@article{bordin2016optimization,
	title="An optimization approach for district heating strategic network design",
	author="Bordin, Chiara and Gordini, Angelo and Vigo, Daniele",
	journal="European Journal of Operational Research",
	volume="252",
	number="1",
	pages="296--307",
	year="2016",
	publisher="Elsevier",
	doi="https://doi.org/10.1016/j.ejor.2015.12.049"
}

@article{strogatz2001exploring,
	title="Exploring complex networks",
	author="Strogatz, Steven H",
	journal="Nature",
	volume="410",
	number="6825",
	pages="268--276",
	year="2001",
	publisher="Nature Publishing Group",
	doi="https://doi.org/10.1038/35065725"
}

@article{lu1979tree,
	title="A tree-to-tree distance and its application to cluster analysis",
	author="Lu, Shin-Yee",
	journal="IEEE Transactions on Pattern Analysis and Machine Intelligence",
	number="2",
	pages="219--224",
	year="1979",
	publisher="IEEE",
	doi="https://doi.org/10.1109/TPAMI.1979.6786615"
}

@article{sanfeliu1983distance,
	title="A distance measure between attributed relational graphs for pattern recognition",
	author="Sanfeliu, Alberto and Fu, King-Sun",
	journal="IEEE transactions on systems, man, and cybernetics",
	number="3",
	pages="353--362",
	year="1983",
	publisher="IEEE",
	doi="https://doi.org/10.1109/TSMC.1983.6313167"
}

@article{huang2010link,
	title="Link prediction based on graph topology: The predictive value of generalized clustering coefficient",
	author="Huang, Zan",
	journal="Available at SSRN 1634014",
	year="2010",
	doi="https://dx.doi.org/10.2139/ssrn.1634014"
}

@article{cui2014detecting,
	title="Detecting overlapping communities in networks using the maximal sub-graph and the clustering coefficient",
	author="Cui, Yaozu and Wang, Xingyuan and Li, Junqiu",
	journal="Physica A: Statistical Mechanics and its Applications",
	volume="405",
	pages="85--91",
	year="2014",
	publisher="Elsevier",
	doi="https://doi.org/10.1016/j.physa.2014.03.027"
}

@article{nilsson2008sparse,
	title="Sparse district-heating in Sweden",
	author="Nilsson, Stefan Forsaeus and Reidhav, Charlotte and Lygnerud, Kristina and Werner, Sven",
	journal="Applied Energy",
	volume="85",
	number="7",
	pages="555--564",
	year="2008",
	publisher="Elsevier",
	doi="https://doi.org/10.1016/j.apenergy.2007.07.011"
}

@article{dochev2018analysing,
	title="Analysing district heating potential with linear heat density. A case study from Hamburg.",
	author="Dochev, Ivan and Peters, Irene and Seller, Hannes and Schuchardt, Georg K",
	journal="Energy Procedia",
	volume="149",
	pages="410--419",
	year="2018",
	publisher="Elsevier",
	doi="https://doi.org/10.1016/j.egypro.2018.08.205"
}


@misc{hagberg2008exploring,
	author="Hagberg, Aric and Swart, Pieter and S Chult, Daniel",
	title = "{Exploring network structure, dynamics, and function using NetworkX}",
	year = "{2008}",
	institution="Los Alamos National Lab.(LANL), Los Alamos, NM (United States)",
	note = "{retrieved on 04.09.2021, 
	\url{https://www.osti.gov/biblio/960616}}"
}

@misc{explorer,
	author="Huppmann, Daniel and Kriegler, Elmar and Krey, Volker",
	title = "{IAMC 1.5Â°C Scenario Explorer and Data hosted by IIASA (version 2.0}",
	year = "{2019}",
	doi = "https://doi.org/10.5281/zenodo.3363345",
	note = "{retrieved on 04.09.2021,
	\url{https://data.ece.iiasa.ac.at/iamc-1.5c-explorer/}}"
}

@article{sherba2015downscaling,
	title="Downscaling global land-use/land-cover projections for use in region-level state-and-transition simulation modeling",
	author="Sherba, Jason T and Sleeter, Benjamin M and Davis, Adam W and Parker, Owen",
	journal="AIMS Environmental Science",
	volume="2",
	number="3",
	pages="623--647",
	year="2015",
	doi="http://dx.doi.org/10.3934/environsci.2015.3.623"
}

@article{pretis2017carbon,
	title="Carbon dioxide emission-intensity in climate projections: Comparing the observational record to socio-economic scenarios",
	author="Pretis, Felix and Roser, Max",
	journal="Energy",
	volume="135",
	pages="718--725",
	year="2017",
	publisher="Elsevier",
	doi="https://doi.org/10.1016/j.energy.2017.06.119"
}

@article{ahn2019downscaled,
	title="Downscaled energy demand projection at the local level using the Iterative Proportional Fitting procedure",
	author="Ahn, Young-Hwan and Woo, Jung-Hun and Wagner, Fabian and Yoo, Seung Jick",
	journal="Applied Energy",
	volume="238",
	pages="384--400",
	year="2019",
	publisher="Elsevier",
	doi="https://doi.org/10.1016/j.apenergy.2019.01.051"
}

@article{alam2018downscaling,
	title="Downscaling national road transport emission to street level: A case study in Dublin, Ireland",
	author="Alam, Md Saniul and Duffy, Paul and Hyde, Bernard and McNabola, Aonghus",
	journal="Journal of Cleaner Production",
	volume="183",
	pages="797--809",
	year="2018",
	publisher="Elsevier",
	doi="https://doi.org/10.1016/j.jclepro.2018.02.206"
}

@article{zvoleff2009impact,
	title="The impact of geography on energy infrastructure costs",
	author="Zvoleff, Alex and Kocaman, Ayse Selin and Huh, Woonghee Tim and Modi, Vijay",
	journal="Energy Policy",
	volume="37",
	number="10",
	pages="4066--4078",
	year="2009",
	publisher="Elsevier",
	doi="https://doi.org/10.1016/j.enpol.2009.05.006"
}

@article{bohm2021power,
	title="Power-to-hydrogen \& district heating: Technology-based and infrastructure-oriented analysis of (future) sector coupling potentials",
	author="B{\"o}hm, Hans and Moser, Simon and Puschnigg, Stefan and Zauner, Andreas",
	journal="International Journal of Hydrogen Energy",
	year="2021",
	publisher="Elsevier",
	doi="https://doi.org/10.1016/j.ijhydene.2021.06.233"
}

@article{arsalis2019thermodynamic,
	title="Thermodynamic modeling and parametric study of a small-scale natural gas/hydrogen-fueled gas turbine system for decentralized applications",
	author="Arsalis, Alexandros",
	journal="Sustainable Energy Technologies and Assessments",
	volume="36",
	pages="100560",
	year="2019",
	publisher="Elsevier",
	doi="https://doi.org/10.1016/j.seta.2019.100560"
}

@article{inage2020development,
	title="Development of an integrated infrastructure simulator for sustainable urban energy optimization and its application",
	author="Inage, Shinichi and Uchino, Yoshiyuki",
	journal="Sustainable Energy Technologies and Assessments",
	volume="39",
	pages="100710",
	year="2020",
	publisher="Elsevier",
	doi="https://doi.org/10.1016/j.seta.2020.100710"
}

@article{laasasenaho2019gis,
	title="GIS-data related route optimization, hierarchical clustering, location optimization, and kernel density methods are useful for promoting distributed bioenergy plant planning in rural areas",
	author="Laasasenaho, K and Lensu, Anssi and Lauhanen, R and Rintala, J",
	journal="Sustainable Energy Technologies and Assessments",
	volume="32",
	pages="47--57",
	year="2019",
	publisher="Elsevier",
	doi="https://doi.org/10.1016/j.seta.2019.01.006"
}

@article{zhang2021economic,
	title="Economic assessment and regional adaptability analysis of CCHP system coupled with biomass-gas based on year-round performance",
	author="Zhang, Dong and Zhang, Bin and Zheng, Yu and Zhang, Rui and Liu, Pengfei and An, Zhoujian",
	journal="Sustainable Energy Technologies and Assessments",
	volume="45",
	pages="101141",
	year="2021",
	publisher="Elsevier",
	doi="https://doi.org/10.1016/j.seta.2021.101141"
}

@article{gopalakrishnan2014economic,
	title="Economic optimization of combined cycle district heating systems",
	author="Gopalakrishnan, Hariharan and Kosanovic, Dragoljub",
	journal="Sustainable Energy Technologies and Assessments",
	volume="7",
	pages="91--100",
	year="2014",
	publisher="Elsevier",
	doi="https://doi.org/10.1016/j.seta.2014.03.006"
}

@article{rabani2021achieving,
	title="Achieving zero-energy building performance with thermal and visual comfort enhancement through optimization of fenestration, envelope, shading device, and energy supply system",
	author="Rabani, Mehrdad and Madessa, Habtamu Bayera and Nord, Natasa",
	journal="Sustainable Energy Technologies and Assessments",
	volume="44",
	pages="101020",
	year="2021",
	publisher="Elsevier",
	doi="https://doi.org/10.1016/j.seta.2021.101020"
}

@article{nussbaumer2016influence,
	title="Influence of system design on heat distribution costs in district heating",
	author="Nussbaumer, T and Thalmann, S",
	journal="Energy",
	volume="101",
	pages="496--505",
	year="2016",
	publisher="Elsevier",
	doi="https://doi.org/10.1016/j.energy.2016.02.062"
}

@article{reidhav2008profitability,
	title="Profitability of sparse district heating",
	author="Reidhav, Charlotte and Werner, Sven",
	journal="Applied Energy",
	volume="85",
	number="9",
	pages="867--877",
	year="2008",
	publisher="Elsevier",
	doi="https://doi.org/10.1016/j.apenergy.2008.01.006"
}

@article{persson2011heat,
	title="Heat distribution and the future competitiveness of district heating",
	author="Persson, Urban and Werner, Sven",
	journal="Applied Energy",
	volume="88",
	number="3",
	pages="568--576",
	year="2011",
	publisher="Elsevier",
	doi="https://doi.org/10.1016/j.apenergy.2010.09.020"
}

@article {zinko2008district,
	title = "District heating distribution in areas with low heat demand density",
	author="Zinko, Heimo and B{\o}hm, Benny and Kristjansson, H and Ottosson, U and Rama, Miika and Sipila, K",
	journal = "The 11th International Symposium on District Heating and Cooling, Reykjavik, Iceland",
	year = "2008"
}

@article{andric2018impact,
	title="The impact of global warming and building renovation measures on district heating system techno-economic parameters",
	author="Andri{\'c}, I and Fournier, J{\'e}r{\'e}my and Lacarri{\`e}re, Bruno and Le Corre, Olivier and Ferr{\~a}o, P",
	journal="Energy",
	volume="150",
	pages="926--937",
	year="2018",
	publisher="Elsevier",
	doi="https://doi.org/10.1016/j.energy.2018.03.027"
}

@article{hietaharju2021stochastic,
	title="A stochastic dynamic building stock model for determining long-term district heating demand under future climate change",
	author="Hietaharju, Petri and Pulkkinen, Jari and Ruusunen, Mika and Louis, Jean-Nicolas",
	journal="Applied Energy",
	volume="295",
	pages="116962",
	year="2021",
	publisher="Elsevier",
	doi="https://doi.org/10.1016/j.apenergy.2021.116962"
}

@article{di2014low,
	title="Low-carbon district heating in Sweden--Examining a successful energy transition",
	author="Di Lucia, Lorenzo and Ericsson, Karin",
	journal="Energy Research \& Social Science",
	volume="4",
	pages="10--20",
	year="2014",
	publisher="Elsevier",
	doi="https://doi.org/10.1016/j.erss.2014.08.005"
}

@article{ghafghazi2010multicriteria,
	title="A multicriteria approach to evaluate district heating system options",
	author="Ghafghazi, Saeed and Sowlati, Taraneh and Sokhansanj, Shahabaddine and Melin, Staffan",
	journal="Applied Energy",
	volume="87",
	number="4",
	pages="1134--1140",
	year="2010",
	publisher="Elsevier",
	doi="https://doi.org/10.1016/j.apenergy.2009.06.021"
}

@misc{gerhardt2020hydrogen,
	title="{Hydrogen in the energy system of the future: Focus on heat in buildings}",
	author="Gerhardt, Norman and Bard, Jochen and Schmitz, Richard and Beil, Michael and Pfennig, Maximilian and Kneiske, Tanja",
	year="2020",
	note = "{retrieved from Fraunhofer Institute for Energy Economics and Energy System Technology on 06.09.2021, \url{https://www.iee.fraunhofer.de/en/presse-infothek/press-media/overview/2020/Hydrogen-and-Heat-in-Buildings.html}}"
}

@article{zwickl2022demystifying,
	title="Demystifying natural gas distribution grid decommissioning: An open-source approach to local deep decarbonization of urban neighborhoods",
	author="Zwickl-Bernhard, Sebastian and Auer, Hans",
	journal="Energy",
	volume="238",
	pages="121805",
	year="2022",
	publisher="Elsevier",
	doi="https://doi.org/10.1016/j.energy.2021.121805"
}

@article{sahlin2004effects,
	title="Effects of planned expansion of waste incineration in the Swedish district heating systems",
	author="Sahlin, Jenny and Knutsson, David and Ekvall, Tomas",
	journal="Resources, Conservation and Recycling",
	volume="41",
	number="4",
	pages="279--292",
	year="2004",
	publisher="Elsevier",
	doi="https://doi.org/10.1016/j.resconrec.2003.11.002"
}

@article{yang2018using,
	title="Using multi-criteria analysis to prioritize renewable energy home heating technologies",
	author="Yang, Yingkui and Ren, Jingzheng and Solgaard, Hans Stubbe and Xu, Di and Nguyen, Thong Tien",
	journal="Sustainable Energy Technologies and Assessments",
	volume="29",
	pages="36--43",
	year="2018",
	publisher="Elsevier",
	doi="https://doi.org/10.1016/j.seta.2018.06.005"
}

@article{kemfert2019green,
	title="Green deal for Europe: More climate protection and fewer fossil fuel wars",
	author="Kemfert, Claudia",
	journal="Intereconomics",
	volume="54",
	number="6",
	pages="353--358",
	year="2019",
	publisher="Springer",
	doi="https://doi.org/10.1007/s10272-019-0853-9"
}

@misc{european_commission_european_2019,
	author = "{European Commission}",
	title = "{Communication from the Commission to the European Parliament, the Council, the European Economic and Social Committee and the Committee of the regions 'Fit for 55': delivering the EU's 2030 Climate Target on the way to climate neutrality}",
	year = "{2021}",
	number="{COM/2021/550 final}",
	note = "{retrieved on 04.09.2021, 
	\url{https://eur-lex.europa.eu/legal-content/EN/TXT/?uri=CELEX:52021DC0550}}"
}

@article{jalil2018spatially,
	title="Spatially resolved model for studying decarbonisation pathways for heat supply and infrastructure trade-offs",
	author="Jalil-Vega, F and Hawkes, Adam D",
	journal="Applied Energy",
	volume="210",
	pages="1051--1072",
	year="2018",
	publisher="Elsevier",
	doi="https://doi.org/10.1016/j.apenergy.2017.05.091"
}

@misc{eurostat_reference,
	author = "{Eurostat}",
	title = "{Share of energy from renewable sources}",
	year = "{2021}",
	note = "{retrieved on 08.09.2021, 
	\url{https://ec.europa.eu/eurostat/web/products-eurostat-news/-/ddn-20200211-1}}"
}

@misc{statistik_austria,
	author = "{Statistik Austria}",
	title = "{Heizungen 2003 bis 2020 nach BundeslÃ¤ndern, verwendetem EnergietrÃ¤ger und Art der Heizung}",
	year = "{2020}",
	note = "{retrieved on 08.09.2021, 
	\url{https://www.statistik.at/wcm/idc/idcplg?IdcService=GET_PDF_FILE&RevisionSelectionMethod=LatestReleased&dDocName=022721}}"
}

@article{gargiulo2013long,
	title="Long-term energy models: Principles, characteristics, focus, and limitations",
	author="Gargiulo, Maurizio and Gallach{\'o}ir, Brian {\'O}",
	journal="Wiley Interdisciplinary Reviews: Energy and Environment",
	volume="2",
	number="2",
	pages="158--177",
	year="2013",
	publisher="Wiley Online Library",
	doi="https://doi.org/10.1002/wene.62"
}

@article{dalla2020scenarios,
	title="Scenarios for geothermal energy deployment in Europe",
	author="Dalla Longa, Francesco and Nogueira, Larissa P and Limberger, Jon and van Wees, Jan-Diederik and van der Zwaan, Bob",
	journal="Energy",
	volume="206",
	pages="118060",
	year="2020",
	publisher="Elsevier",
	doi="https://doi.org/10.1016/j.energy.2020.118060"
}

@article{buhler2017industrial,
	title="Industrial excess heat for district heating in Denmark",
	author="B{\"u}hler, Fabian and Petrovi{\'c}, Stefan and Karlsson, Kenneth and Elmegaard, Brian",
	journal="Applied Energy",
	volume="205",
	pages="991--1001",
	year="2017",
	publisher="Elsevier",
	doi="https://doi.org/10.1016/j.apenergy.2017.08.032"
}

@article{konighofer2014potenzial,
	title="Potenzial der Tiefengeothermie f{\"u}r die Fernw{\"a}rme-und Stromproduktion in {\"O}sterreich",
	author="K{\"o}nighofer, Kurt and Domberger, G and Gunczy, S and Hingsamer, M and Pucker, J and Schreilechner, M and Amtmann, J and Goldbrunner, J and Heiss, HP and F{\"u}reder, J and others",
	journal="Joanneum Research: Graz, Austria",
	year="2014"
}

@article{buchele2015bewertung,
	title="Bewertung des Potenzials f{\"u}r den Einsatz der hocheffizienten KWK und effizienter Fernw{\"a}rme-und Fernk{\"a}lteversorgung",
	author="B{\"u}chele, Richard and Haas, Reinhard and Hartner, Michael and Hirner, Ricki and Hummel, Marcus and Kranzl, Lukas and M{\"u}ller, Andreas and Ponweiser, Karl and Bons, Marian and Grave, Katharina and others",
	journal="TU Wien und Ecofys, Wien",
	year="2015"
}

@article{persson2016current,
	title="Current and future prospects for heat recovery from waste in European district heating systems: A literature and data review",
	author="Persson, Urban and M{\"u}nster, Marie",
	journal="Energy",
	volume="110",
	pages="116--128",
	year="2016",
	publisher="Elsevier",
	doi="https://doi.org/10.1016/j.energy.2015.12.074"
}

@misc{oesterreichsenergie,
	author = "{Oesterreichs {E}nergie}",
	title = "{Beitrag von {\"O}sterreichs {E}-{W}irtschaft zur nationalen {W}{\"a}rmestrategie}",
	note = "{retrieved on 23.01.2022, 
	\url{https://oesterreichsenergie.at/fileadmin/user_upload/Oesterreichs_Energie/Publikationsdatenbank/Factsheets/Factsheet_Waermestrategie.pdf}}"
}

@misc{statisitik2016,
	author = "{Statistik Austria}",
	year = "2016",
	title = "{Energiedaten {\"O}sterreich 2016: {\"A}nderungen wichtiger {K}ennzahlen und {E}influssfaktoren im {V}ergleich zum {V}orjahr}",
	note = "{retrieved on 23.01.2022, 
	\url{https://www.statistik.at/wcm/idc/idcplg?IdcService=GET_PDF_FILE&RevisionSelectionMethod=LatestReleased&dDocName=115743}}"
}

@article{persson2019heat,
	title="Heat roadmap Europe: Heat distribution costs",
	author="Persson, Urban and Wiechers, Eva and M{\"o}ller, Bernd and Werner, Sven",
	journal="Energy",
	volume="176",
	pages="604--622",
	year="2019",
	publisher="Elsevier",
	doi="https://doi.org/10.1016/j.energy.2019.03.189"
}