@article{karl2003modern,
  title="Modern global climate change",
  author="Karl, Thomas R and Trenberth, Kevin E",
  journal="Science",
  volume="302",
  number="5651",
  pages="1719--1723",
  year="2003",
  publisher="American Association for the Advancement of Science",
  doi="https://doi.org/10.1126/science.1090228"
}

@article{griscom2017natural,
	title="Natural climate solutions",
	author="Griscom, Bronson W and Adams, Justin and Ellis, Peter W and Houghton, Richard A and Lomax, Guy and Miteva, Daniela A and Schlesinger, William H and Shoch, David and Siikam{\"a}ki, Juha V and Smith, Pete and others",
	journal="Proceedings of the National Academy of Sciences",
	volume="114",
	number="44",
	pages="11645--11650",
	year="2017",
	publisher="National Acad Sciences",
	doi="https://doi.org/10.1073/pnas.1710465114"
}

@article{hansen2016assessing,
	title="Assessing the observed impact of anthropogenic climate change",
	author="Hansen, Gerrit and Stone, Daithi",
	journal="Nature Climate Change",
	volume="6",
	number="5",
	pages="532--537",
	year="2016",
	publisher="Nature Publishing Group"
}

@article{rockstrom2017roadmap,
	title="A roadmap for rapid decarbonization",
	author="Rockstr{\"o}m, Johan and Gaffney, Owen and Rogelj, Joeri and Meinshausen, Malte and Nakicenovic, Nebojsa and Schellnhuber, Hans Joachim",
	journal="Science",
	volume="355",
	number="6331",
	pages="1269--1271",
	year="2017",
	publisher="American Association for the Advancement of Science",
	doi="https://doi.org/10.1126/science.aah3443"
}

@article{leibowicz2018optimal,
	title="Optimal decarbonization pathways for urban residential building energy services",
	author="Leibowicz, Benjamin D and Lanham, Christopher M and Brozynski, Max T and V{\'a}zquez-Canteli, Jos{\'e} R and Castej{\'o}n, Nicol{\'a}s Castillo and Nagy, Zoltan",
	journal="Applied Energy",
	volume="230",
	pages="1311--1325",
	year="2018",
	publisher="Elsevier",
	doi="https://doi.org/10.1016/j.apenergy.2018.09.046"
}

@article{pan2018decarbonization,
	title="Decarbonization of China's transportation sector: in light of national mitigation toward the Paris Agreement goals",
	author="Pan, Xunzhang and Wang, Hailin and Wang, Lining and Chen, Wenying",
	journal="Energy",
	volume="155",
	pages="853--864",
	year="2018",
	publisher="Elsevier",
	doi="https://doi.org/10.1016/j.energy.2018.04.144"
}

@article{habert2020environmental,
	title="Environmental impacts and decarbonization strategies in the cement and concrete industries",
	author="Habert, G and Miller, SA and John, VM and Provis, JL and Favier, A and Horvath, A and Scrivener, KL",
	journal="Nature Reviews Earth \& Environment",
	volume="1",
	number="11",
	pages="559--573",
	year="2020",
	publisher="Nature Publishing Group",
	doi="https://doi.org/10.1038/s43017-020-0093-3"	
}

@article{papadis2020challenges,
	title="Challenges in the decarbonization of the energy sector",
	author="Papadis, Elisa and Tsatsaronis, George",
	journal="Energy",
	volume="205",
	pages="118025",
	year="2020",
	publisher="Elsevier",
	doi="https://doi.org/10.1016/j.energy.2020.118025"
}

@article{bakhtavar2020assessment,
	title="Assessment of renewable energy-based strategies for net-zero energy communities: A planning model using multi-objective goal programming",
	author="Bakhtavar, Ezzeddin and Prabatha, Tharindu and Karunathilake, Hirushie and Sadiq, Rehan and Hewage, Kasun",
	journal="Journal of Cleaner Production",
	volume="272",
	pages="122886",
	year="2020",
	publisher="Elsevier",
	doi="https://doi.org/10.1016/j.jclepro.2020.122886"
}

@article{oshiro2021enabling,
	title="Enabling energy system transition toward decarbonization in Japan through energy service demand reduction",
	author="Oshiro, Ken and Fujimori, Shinichiro and Ochi, Yuki and Ehara, Tomoki",
	journal="Energy",
	volume="227",
	pages="120464",
	year="2021",
	publisher="Elsevier",
	doi="https://doi.org/10.1016/j.energy.2021.120464"
}

@article{van2020hydrogen,
	title="The hydrogen solution?",
	author="van Renssen, Sonja",
	journal="Nature Climate Change",
	volume="10",
	number="9",
	pages="799--801",
	year="2020",
	publisher="Nature Publishing Group",
	doi="https://doi.org/10.1038/s41558-020-0891-0"
}

@article{van2007potential,
	title="The potential role of hydrogen in energy systems with and without climate policy",
	author="Van Ruijven, Bas and Van Vuuren, Detlef P and De Vries, Bert",
	journal="International Journal of Hydrogen Energy",
	volume="322,
	number="12",
	pages="1655--1672",
	year="2007",
	publisher="Elsevier",
	doi="https://doi.org/10.1016/j.ijhydene.2006.08.036"
}

@article{krey2019looking,
	title="Looking under the hood: A comparison of techno-economic assumptions across national and global integrated assessment models",
	author="Krey, Volker and Guo, Fei and Kolp, Peter and Zhou, Wenji and Schaeffer, Roberto and Awasthy, Aayushi and Bertram, Christoph and de Boer, Harmen-Sytze and Fragkos, Panagiotis and Fujimori, Shinichiro and others",
	journal="Energy",
	volume="172",
	pages="1254--1267",
	year="2019",
	publisher="Elsevier",
	doi="https://doi.org/10.1016/j.energy.2018.12.131"
}

@article{dowlatabadi1995integrated,
	title="Integrated assessment models of climate change: An incomplete overview",
	author="Dowlatabadi, Hadi",
	journal="Energy Policy",
	volume="23",
	number="4-5",
	pages="289--296",
	year="1995",
	publisher="Elsevier",
	doi="https://doi.org/10.1016/0301-4215(95)90155-Z"
}

@article{van2016carbon,
	title="Carbon budgets and energy transition pathways",
	author="Van Vuuren, Detlef P and Van Soest, Heleen and Riahi, Keywan and Clarke, Leon and Krey, Volker and Kriegler, Elmar and Rogelj, Joeri and Schaeffer, Michiel and Tavoni, Massimo",
	journal="Environmental Research Letters",
	volume="11",
	number="7",
	pages="075002",
	year="2016",
	publisher="IOP Publishing",
	doi="https://doi.org/10.1088/1748-9326/11/7/075002"
}

@article{wilkerson2015comparison,
	title="{Comparison of integrated assessment models: carbon price impacts on US energy}",
	author="Wilkerson, Jordan T and Leibowicz, Benjamin D and Turner, Delavane D and Weyant, John P",
	journal="Energy Policy",
	volume="76",
	pages="18--31",
	year="2015",
	publisher="Elsevier",
	doi="https://doi.org/10.1016/j.enpol.2014.10.011"
}

@article{huppmann2019messageix,
	title="{The MESSAGEix Integrated Assessment Model and the ix modeling platform (ixmp): An open framework for integrated and cross-cutting analysis of energy, climate, the environment, and sustainable development}",
	author="Huppmann, Daniel and Gidden, Matthew and Fricko, Oliver and Kolp, Peter and Orthofer, Clara and Pimmer, Michael and Kushin, Nikolay and Vinca, Adriano and Mastrucci, Alessio and Riahi, Keywan and others",
	journal="Environmental Modelling \& Software",
	volume="112",
	pages="143--156",
	year="2019",
	publisher="Elsevier",
	doi="https://doi.org/10.1016/j.envsoft.2018.11.012"
}

@article{schwanitz2013evaluating,
	title="Evaluating integrated assessment models of global climate change",
	author="Schwanitz, Valeria Jana",
	journal="Environmental Modelling \& Software",
	volume="50",
	pages="120--131",
	year="2013",
	publisher="Elsevier",
	doi="https://doi.org/10.1016/j.envsoft.2013.09.005"
}

@article{gambhir2019review,
	title="{A review of criticisms of integrated assessment models and proposed approaches to address these, through the lens of BECCS}",
	author="Gambhir, Ajay and Butnar, Isabela and Li, Pei-Hao and Smith, Pete and Strachan, Neil",
	journal="Energies",
	volume="12",
	number="9",
	pages="1747",
	year="2019",
	publisher="Multidisciplinary Digital Publishing Institute",
	doi="https://doi.org/10.3390/en12091747"
}

@article{ringkjob2018review,
	title="A review of modelling tools for energy and electricity systems with large shares of variable renewables",
	author="Ringkj{\o}b, Hans-Kristian and Haugan, Peter M and Solbrekke, Ida Marie",
	journal="Renewable and Sustainable Energy Reviews",
	volume="96",
	pages="440--459",
	year="2018",
	publisher="Elsevier",
	doi="https://doi.org/10.1016/j.rser.2018.08.002"
}

@article{capros2012model,
	title="{Model-based analysis of decarbonising the EU economy in the time horizon to 2050}",
	author="Capros, Pantelis and Tasios, Nikolaos and De Vita, Alessia and Mantzos, Leonidas and Paroussos, Leonidas",
	journal="Energy Strategy Reviews",
	volume="1",
	number="2",
	pages="76--84",
	year="2012",
	publisher="Elsevier",
	doi="https://doi.org/10.1016/j.esr.2012.06.003"
}

@article{loffler2017designing,
	title="{Designing a model for the global energy systemâ€”GENeSYS-MOD: an application of the open-source energy modeling system (OSeMOSYS)}",
	author="L{\"o}ffler, Konstantin and Hainsch, Karlo and Burandt, Thorsten and Oei, Pao-Yu and Kemfert, Claudia and Von Hirschhausen, Christian",
	journal="Energies",
	volume="10",
	number="10",
	pages="1468",
	year="2017",
	publisher="Multidisciplinary Digital Publishing Institute",
	doi="https://doi.org/10.3390/en10101468"
}

@article{backe2021heat,
	title="{Heat and electric vehicle flexibility in the European power system: A case study of Norwegian energy communities}",
	author="Backe, Stian and Korp{\aa}s, Magnus and Tomasgard, Asgeir",
	journal="International Journal of Electrical Power \& Energy Systems",
	volume="125",
	pages="106479",
	year="2021",
	publisher="Elsevier",
	doi="https://doi.org/10.1016/j.ijepes.2020.106479"
}

